[gd_scene load_steps=15 format=2]

[ext_resource path="res://font/Kenney Space.ttf" type="DynamicFontData" id=1]
[ext_resource path="res://images/accept_button.png" type="Texture" id=2]
[ext_resource path="res://images/reject_button.png" type="Texture" id=3]

[sub_resource type="DynamicFont" id=14]
size = 12
font_data = ExtResource( 1 )

[sub_resource type="StyleBoxTexture" id=15]
texture = ExtResource( 2 )
region_rect = Rect2( 100, 0, 100, 100 )

[sub_resource type="StyleBoxTexture" id=16]
texture = ExtResource( 2 )
region_rect = Rect2( 200, 0, 100, 100 )

[sub_resource type="StyleBoxEmpty" id=17]

[sub_resource type="StyleBoxEmpty" id=18]

[sub_resource type="StyleBoxTexture" id=19]
texture = ExtResource( 2 )
region_rect = Rect2( 0, 0, 100, 100 )

[sub_resource type="StyleBoxTexture" id=20]
texture = ExtResource( 3 )
region_rect = Rect2( 100, 0, 100, 100 )

[sub_resource type="StyleBoxTexture" id=21]
texture = ExtResource( 3 )
region_rect = Rect2( 200, 0, 100, 100 )

[sub_resource type="StyleBoxEmpty" id=22]

[sub_resource type="StyleBoxEmpty" id=23]

[sub_resource type="StyleBoxTexture" id=24]
texture = ExtResource( 3 )
region_rect = Rect2( 0, 0, 100, 100 )

[node name="ConfirmGenericName" type="PopupPanel"]
margin_left = 512.0
margin_top = 276.0
margin_right = 768.0
margin_bottom = 392.0

[node name="Label" type="Label" parent="."]
margin_left = 4.0
margin_top = 4.0
margin_right = 252.0
margin_bottom = 112.0
custom_fonts/font = SubResource( 14 )
text = "Are you sure you want a generic name?"
align = 1
valign = 1
autowrap = true

[node name="Container" type="Container" parent="Label"]
margin_left = 2.0
margin_top = 68.0
margin_right = 42.0
margin_bottom = 108.0
mouse_filter = 2

[node name="AcceptGenericName" type="Button" parent="Label/Container"]
margin_right = 40.0
margin_bottom = 36.0
custom_styles/hover = SubResource( 15 )
custom_styles/pressed = SubResource( 16 )
custom_styles/focus = SubResource( 17 )
custom_styles/disabled = SubResource( 18 )
custom_styles/normal = SubResource( 19 )

[node name="Container2" type="Container" parent="Label"]
margin_left = 206.0
margin_top = 68.0
margin_right = 246.0
margin_bottom = 108.0
mouse_filter = 2

[node name="RejectGenericName" type="Button" parent="Label/Container2"]
margin_right = 40.0
margin_bottom = 36.0
custom_styles/hover = SubResource( 20 )
custom_styles/pressed = SubResource( 21 )
custom_styles/focus = SubResource( 22 )
custom_styles/disabled = SubResource( 23 )
custom_styles/normal = SubResource( 24 )

